@article{du2016,
  title={Computational multicopter design},
  author={Du, Tao and Schulz, Adriana and Zhu, Bo and Bickel, Bernd and Matusik, Wojciech},
  journal={ACM Transaction on Graphics},
  year={2016}
}